%% This BibTeX bibliography file was created using BibDesk.
%% http://bibdesk.sourceforge.net/

%% Created for Andrea Del Fante at 2016-08-30 19:38:36 +0200 


%% Saved with string encoding Unicode (UTF-8) 



@url{9,
	Date-Added = {2016-08-30 17:38:15 +0000},
	Date-Modified = {2016-08-30 17:38:35 +0000},
	Title = {Comparing Clustering Algorithms, HDBSCAN},
	Urldate = {http://hdbscan.readthedocs.io/en/latest/comparing_clustering_algorithms.html#hdbscan}}

@url{8,
	Date-Added = {2016-08-30 17:05:05 +0000},
	Date-Modified = {2016-08-30 17:05:29 +0000},
	Title = {K-means},
	Urldate = {http://scikit-learn.org/stable/modules/clustering.html#k-means}}

@url{7,
	Date-Added = {2016-08-30 17:04:48 +0000},
	Date-Modified = {2016-08-30 17:04:55 +0000},
	Title = {K-means},
	Urldate = {https://it.wikipedia.org/wiki/K-means}}

@url{6,
	Date-Added = {2016-08-29 21:02:13 +0000},
	Date-Modified = {2016-08-29 21:02:23 +0000},
	Title = {Distanza di Hamming},
	Urldate = {https://it.wikipedia.org/wiki/Distanza_di_Hamming}}

@url{5,
	Date-Added = {2016-08-29 20:30:43 +0000},
	Date-Modified = {2016-08-29 20:31:03 +0000},
	Title = {Distanza di Manhattan},
	Urldate = {https://it.wikipedia.org/wiki/Geometria_del_taxi}}

@url{4,
	Date-Added = {2016-08-29 20:30:22 +0000},
	Date-Modified = {2016-08-29 20:30:39 +0000},
	Title = {Distanza euclidea},
	Urldate = {https://it.wikipedia.org/wiki/Distanza_euclidea}}

@url{3,
	Date-Added = {2016-08-28 21:57:59 +0000},
	Date-Modified = {2016-08-29 18:53:01 +0000},
	Title = {Clustering},
	Urldate = {https://it.wikipedia.org/wiki/Clustering}}

@article{1,
	Author = {Michael Shell, John Doe, Jane Doe},
	Date-Added = {2016-08-28 17:29:08 +0000},
	Date-Modified = {2016-08-28 17:56:15 +0000},
	Journal = {?},
	Title = {Bare Demo of IEEEtran.cls for IEEE Computer Society Journals},
	Year = {?},
	Bdsk-File-1 = {YnBsaXN0MDDUAQIDBAUGJCVYJHZlcnNpb25YJG9iamVjdHNZJGFyY2hpdmVyVCR0b3ASAAGGoKgHCBMUFRYaIVUkbnVsbNMJCgsMDxJXTlMua2V5c1pOUy5vYmplY3RzViRjbGFzc6INDoACgAOiEBGABIAFgAdccmVsYXRpdmVQYXRoWWFsaWFzRGF0YV8QHFJpZmVyaW1lbnRpL3NpdGVtYXBfdGtkZS5wZGbSFwsYGVdOUy5kYXRhTxEBpgAAAAABpgACAAASQWRkaXRpb25hbERyaXZlTUFDAAAAAAAAAAAA0ppHtEgrAAAAG842EHNpdGVtYXBfdGtkZS5wZGYAAAAAAAAAAAAAAAAAAAAAAAAAAAAAAAAAAAAAAAAAAAAAAAAAAAAAAAAAAAAAAAAbzvvT5NjdAAAAAAAAAAAAAQADAAAJAAAAAAAAAAAAAAAAAAAAAAtSaWZlcmltZW50aQAAEAAIAADSmjmkAAAAEQAIAADT5Ly9AAAAAQAIABvONgAbzjUAAgA6QWRkaXRpb25hbERyaXZlTUFDOjEgLSBUZXNpOgBSaWZlcmltZW50aToAc2l0ZW1hcF90a2RlLnBkZgAOACIAEABzAGkAdABlAG0AYQBwAF8AdABrAGQAZQAuAHAAZABmAA8AJgASAEEAZABkAGkAdABpAG8AbgBhAGwARAByAGkAdgBlAE0AQQBDABIAJi8xIC0gVGVzaS9SaWZlcmltZW50aS9zaXRlbWFwX3RrZGUucGRmABMAGy9Wb2x1bWVzL0FkZGl0aW9uYWxEcml2ZU1BQwD//wAAgAbSGxwdHlokY2xhc3NuYW1lWCRjbGFzc2VzXU5TTXV0YWJsZURhdGGjHR8gVk5TRGF0YVhOU09iamVjdNIbHCIjXE5TRGljdGlvbmFyeaIiIF8QD05TS2V5ZWRBcmNoaXZlctEmJ1Ryb290gAEACAARABoAIwAtADIANwBAAEYATQBVAGAAZwBqAGwAbgBxAHMAdQB3AIQAjgCtALIAugJkAmYCawJ2An8CjQKRApgCoQKmArMCtgLIAssC0AAAAAAAAAIBAAAAAAAAACgAAAAAAAAAAAAAAAAAAALS}}

@article{2,
	Author = {?},
	Date-Added = {2016-08-28 17:26:52 +0000},
	Date-Modified = {2016-08-28 17:56:18 +0000},
	Journal = {?},
	Title = {Exploiting Web Sites Structural and Content Features for Web Pages Clustering},
	Year = {?},
	Bdsk-File-1 = {YnBsaXN0MDDUAQIDBAUGJCVYJHZlcnNpb25YJG9iamVjdHNZJGFyY2hpdmVyVCR0b3ASAAGGoKgHCBMUFRYaIVUkbnVsbNMJCgsMDxJXTlMua2V5c1pOUy5vYmplY3RzViRjbGFzc6INDoACgAOiEBGABIAFgAdccmVsYXRpdmVQYXRoWWFsaWFzRGF0YV8QIlJpZmVyaW1lbnRpL2NsdXN0ZXJpbmd3ZWJwYWdlcy5wZGbSFwsYGVdOUy5kYXRhTxEBvgAAAAABvgACAAASQWRkaXRpb25hbERyaXZlTUFDAAAAAAAAAAAA0ppHtEgrAAAAG842FmNsdXN0ZXJpbmd3ZWJwYWdlcy5wZGYAAAAAAAAAAAAAAAAAAAAAAAAAAAAAAAAAAAAAAAAAAAAAAAAAAAAAAAAbzjjTo+vUAAAAAAAAAAAAAQADAAAJAAAAAAAAAAAAAAAAAAAAAAtSaWZlcmltZW50aQAAEAAIAADSmjmkAAAAEQAIAADTo8+0AAAAAQAIABvONgAbzjUAAgBAQWRkaXRpb25hbERyaXZlTUFDOjEgLSBUZXNpOgBSaWZlcmltZW50aToAY2x1c3RlcmluZ3dlYnBhZ2VzLnBkZgAOAC4AFgBjAGwAdQBzAHQAZQByAGkAbgBnAHcAZQBiAHAAYQBnAGUAcwAuAHAAZABmAA8AJgASAEEAZABkAGkAdABpAG8AbgBhAGwARAByAGkAdgBlAE0AQQBDABIALC8xIC0gVGVzaS9SaWZlcmltZW50aS9jbHVzdGVyaW5nd2VicGFnZXMucGRmABMAGy9Wb2x1bWVzL0FkZGl0aW9uYWxEcml2ZU1BQwD//wAAgAbSGxwdHlokY2xhc3NuYW1lWCRjbGFzc2VzXU5TTXV0YWJsZURhdGGjHR8gVk5TRGF0YVhOU09iamVjdNIbHCIjXE5TRGljdGlvbmFyeaIiIF8QD05TS2V5ZWRBcmNoaXZlctEmJ1Ryb290gAEACAARABoAIwAtADIANwBAAEYATQBVAGAAZwBqAGwAbgBxAHMAdQB3AIQAjgCzALgAwAKCAoQCiQKUAp0CqwKvArYCvwLEAtEC1ALmAukC7gAAAAAAAAIBAAAAAAAAACgAAAAAAAAAAAAAAAAAAALw}}
